<record><leader>00000cas a22000007a 4500</leader><controlfield tag="001">9276793</controlfield><controlfield tag="008">830304d18441848meudn ne      0    0eng  </controlfield><datafield ind1=" " ind2=" " tag="010"><subfield code="a">sn 83009680 </subfield></datafield><datafield ind1=" " ind2=" " tag="040"><subfield code="a">DLC</subfield><subfield code="b">eng</subfield><subfield code="c">DLC</subfield><subfield code="d">NPW</subfield><subfield code="d">NPX</subfield><subfield code="d">DLC</subfield><subfield code="d">NPY</subfield><subfield code="d">DLC</subfield><subfield code="d">YOX</subfield><subfield code="d">NVF</subfield><subfield code="d">CRL</subfield><subfield code="d">MBN</subfield><subfield code="d">OCL</subfield><subfield code="d">MBN</subfield><subfield code="d">OCLCO</subfield><subfield code="d">CRL</subfield><subfield code="d">OCLCF</subfield></datafield><datafield ind1="1" ind2=" " tag="029"><subfield code="a">AU@</subfield><subfield code="b">000025820728</subfield></datafield><datafield ind1=" " ind2=" " tag="042"><subfield code="a">msc</subfield></datafield><datafield ind1=" " ind2=" " tag="043"><subfield code="a">n-us-me</subfield></datafield><datafield ind1="0" ind2="0" tag="050"><subfield code="a">Newspaper 8042</subfield></datafield><datafield ind1="0" ind2=" " tag="130"><subfield code="a">Daily Argus (Portland, Me.)</subfield></datafield><datafield ind1="0" ind2="0" tag="245"><subfield code="a">Daily Argus.</subfield></datafield><datafield ind1=" " ind2=" " tag="260"><subfield code="a">Portland, Me. :</subfield><subfield code="b">Case &amp; Holden,</subfield><subfield code="c">1844-1848.</subfield></datafield><datafield ind1=" " ind2=" " tag="300"><subfield code="a">5 v. :</subfield><subfield code="b">ill. (chiefly advertisements) ;</subfield><subfield code="c">52-68 cm.</subfield></datafield><datafield ind1=" " ind2=" " tag="310"><subfield code="a">Daily (except Sun.)</subfield></datafield><datafield ind1="0" ind2=" " tag="362"><subfield code="a">Vol. 10, no. 111 (May 10, 1844)-v. 14, no. 222 (Sept. 30, 1848).</subfield></datafield><datafield ind1=" " ind2=" " tag="500"><subfield code="a">Publishers: Holden &amp; Sanborn, 1846-&lt;1847&gt;</subfield></datafield><datafield ind1=" " ind2=" " tag="500"><subfield code="a">Issue numbering irregular.</subfield></datafield><datafield ind1=" " ind2=" " tag="530"><subfield code="a">Also available on microfilm from Graphic Microfilm of New England, and Portland Public Library.</subfield></datafield><datafield ind1=" " ind2=" " tag="580"><subfield code="a">Triweekly ed.: Tri-weekly Argus (Portland, Me.).</subfield></datafield><datafield ind1=" " ind2=" " tag="580"><subfield code="a">Weekly ed.: Eastern Argus (Portland, Me. : 1803).</subfield></datafield><datafield ind1=" " ind2="0" tag="651"><subfield code="a">Portland (Me.)</subfield><subfield code="v">Newspapers.</subfield></datafield><datafield ind1=" " ind2="7" tag="655"><subfield code="a">Newspapers.</subfield><subfield code="2">fast</subfield><subfield code="0">(OCoLC)fst01423814</subfield></datafield><datafield ind1=" " ind2="7" tag="651"><subfield code="a">Maine</subfield><subfield code="z">Portland.</subfield><subfield code="2">fast</subfield><subfield code="0">(OCoLC)fst01213254</subfield></datafield><datafield ind1=" " ind2=" " tag="752"><subfield code="a">United States</subfield><subfield code="b">Maine</subfield><subfield code="c">Cumberland</subfield><subfield code="d">Portland.</subfield></datafield><datafield ind1="1" ind2=" " tag="775"><subfield code="t">Tri-weekly Argus (Portland, Me.)</subfield><subfield code="g">1844-1848</subfield><subfield code="w">(DLC)sn 83016006</subfield><subfield code="w">(OCoLC)9291405</subfield></datafield><datafield ind1="1" ind2=" " tag="775"><subfield code="t">Eastern Argus (Portland, Me. : 1803)</subfield><subfield code="w">(DLC)sn 83016009</subfield><subfield code="w">(OCoLC)2260559</subfield></datafield><datafield ind1="0" ind2="0" tag="780"><subfield code="t">Daily eastern Argus</subfield><subfield code="w">(DLC)sn 83016018</subfield><subfield code="w">(OCoLC)9317180</subfield></datafield><datafield ind1="0" ind2="0" tag="785"><subfield code="t">Eastern Argus (Portland, Me. : 1848 : Daily)</subfield><subfield code="w">(DLC)sn 83009685</subfield><subfield code="w">(OCoLC)9290662</subfield></datafield></record>